@inproceedings{Faragher_BLE_2014,
  title={{An Analysis of the Accuracy of Bluetooth Low Energy for Indoor Positioning Applications}},
  journal = {Proceedings of the 27th International Technical Meeting of the Satellite Division of The Institute of Navigation (ION GNSS+)},
  author={Ramsey Faragher and Robert K. Harle},
  year={2014},
  month={September},
  pages={201-210}
}

@article{DBLP:journals/corr/abs-2003-14412,
  author    = {Alex Berke and
               Michiel Bakker and
               Praneeth Vepakomma and
               Ramesh Raskar and
               Kent Larson and
               Alex 'Sandy' Pentland},
  title     = {Assessing Disease Exposure Risk With Location Histories And Protecting
               Privacy: {A} Cryptographic Approach In Response To {A} Global Pandemic},
  journal   = {CoRR},
  volume    = {abs/2003.14412},
  year      = {2020}
}

@article{DBLP:journals/corr/abs-2003-11511,
  author    = {Hyunghoon Cho and
               Daphne Ippolito and
               Yun William Yu},
  title     = {Contact Tracing Mobile Apps for {COVID-19:} Privacy Considerations
               and Related Trade-offs},
  journal   = {CoRR},
  volume    = {abs/2003.11511},
  year      = {2020}
}

@misc{covid_map,
  title     = {Novel Coronavirus Map from HealthMap,},
  howpublished  = "{A}valiable at: \url{https: //www.healthmap.org/covid-19/}",
 
}

@misc{DP3T,
    title = {Decentralized Privacy-Preserving Proximity Tracing},
    howpublished ="{A}vailable at: \url{https://github.com/DP-3T/}",
}


@misc{tracetogether,
  title     = {Help speed up contact tracing with TraceTogether,” {S}ingapore {G}overnment {B}log, {M}arch 2020},
  howpublished = "{A}vailable at:  \url{https://www.gov.sg/article/help-speed-up-contact-tracing-with-tracetogether}" ,
 
}

@misc{tracetogether_law,
  title     = {Can {I} say no to uploading my TraceTogether data when contacted by the Ministry of Health?” {S}ingapore {G}overnment {B}log, {M}arch 2020},
  howpublished   = "{A}vailable at: \url{https://tracetogether.zendesk.com/ hc/en-sg/articles/360044860414-Can-I-say-no- to-uploading-my-TraceTogether-data-when- contacted-by-the-Ministry-of-Health-}",
 
}

@inproceedings{DBLP:conf/eurocrypt/Paillier99,
  author    = {Pascal Paillier},
  title     = {Public-Key Cryptosystems Based on Composite Degree Residuosity Classes},
  booktitle = {{EUROCRYPT}},
  series    = {Lecture Notes in Computer Science},
  volume    = {1592},
  pages     = {223--238},
  publisher = {Springer},
  year      = {1999}
}

@article{DBLP:journals/iacr/JostLMS15,
  author    = {Christine Jost and
               Ha Lam and
               Alexander Maximov and
               Ben J. M. Smeets},
  title     = {Encryption Performance Improvements of the Paillier Cryptosystem},
  journal   = {{IACR} Cryptology ePrint Archive},
  volume    = {2015},
  pages     = {864},
  year      = {2015}
}


@article{NIST,
  author    = {NIST},
  title     = {Recommendation for Pair-Wise Key Establishment Schemes
    Using Integer Factorization Cryptography},
  year      = {2009}
}

@misc{raskar2020apps,
    title={Apps Gone Rogue: Maintaining Personal Privacy in an Epidemic},
    author={Ramesh Raskar and Isabel Schunemann and Rachel Barbar and Kristen Vilcans and Jim Gray and Praneeth Vepakomma and Suraj Kapa and Andrea Nuzzo and Rajiv Gupta and Alex Berke and Dazza Greenwood and Christian Keegan and Shriank Kanaparti and Robson Beaudry and David Stansbury and Beatriz Botero Arcila and Rishank Kanaparti and Vitor Pamplona and Francesco M Benedetti and Alina Clough and Riddhiman Das and Kaushal Jain and Khahlil Louisy and Greg Nadeau and Vitor Pamplona and Steve Penrod and Yasaman Rajaee and Abhishek Singh and Greg Storm and John Werner},
    year={2020},
    eprint={2003.08567},
    archivePrefix={arXiv},
    primaryClass={cs.CR}
}

@INPROCEEDINGS{stajano_mix_zones, author={A. R. {Beresford} and F. {Stajano}}, booktitle={IEEE Annual Conference on Pervasive Computing and Communications Workshops, 2004. Proceedings of the Second}, title={Mix zones: user privacy in location-aware services}, year={2004}, volume={}, number={}, pages={127-131},}

@article{v2x_pseudo_survey,
author = {Petit, Jonathan and Schaub, Florian and Feiri, Michael and Kargl, Frank},
year = {2015},
month = {03},
pages = {228-255},
title = {Pseudonym Schemes in Vehicular Networks: A Survey},
volume = {17},
journal = {IEEE Communications Surveys \& Tutorials},
doi = {10.1109/COMST.2014.2345420}
}

@article{herrera2016indoor,
  title={Indoor navigation using bluetooth low energy (BLE) beacons},
  author={Herrera Vargas, Milan},
  year={2016},
  publisher={(Bachelors Thesis) Turku University of Applied Sciences}
}

